@article{einstein,
    author =       "Albert Einstein",
    title =        "{Zur Elektrodynamik bewegter K{\"o}rper}. ({German})
    [{On} the electrodynamics of moving bodies]",
    journal =      "Annalen der Physik",
    volume =       "322",
    number =       "10",
    pages =        "891--921",
    year =         "1905",
    DOI =          "http://dx.doi.org/10.1002/andp.19053221004",
    keywords =     "physics"
}

@book{dirac,
    title={The Principles of Quantum Mechanics},
    author={Paul Adrien Maurice Dirac},
    isbn={9780198520115},
    series={International series of monographs on physics},
    year={1981},
    publisher={Clarendon Press},
    keywords = {physics}
}

@online{knuthwebsite,
    author    = "Donald Knuth",
    title     = "Knuth: Computers and Typesetting",
    url       = "https://towardsdatascience.com/using-3d-visualizations-to-tune-hyperparameters-of-ml-models-with-python-ba2885eab2e9"
}

@article {Metodi_multivariati,
author = {Pushpa Bhat},
title = {Advanced Analysis Methods in Particle Physics},
year = {2011},
journal = {Annual Review of Nuclear and Particle Science}
}

@book{IntroML,
    title={Introduction to Machine Learning},
    author={Nils J. Nilsson},
    year={1998},
    location={Department of Computer Science, Stanford University}
}

@online{Intro_retiN,
	author = "Samuel Rota Bulò",
	title = "Appunti di reti neurali",
	url = "https://www.dsi.unive.it/~srotabul/files/AppuntiRetiNeurali.pdf"
}

@online{Understanding_VAEs,
	author = "Joseph Rocca",
	title = "Understanding Variational Autoencoders (VAEs)",
	url = "https://towardsdatascience.com/understanding-variational-autoencoders-vaes-f70510919f73" ,
	year = {2019}
}

@online{Autoencoders,
	author = "Jeremy Jordan",
	title = "Introduction to autoencoders",
	url = "https://www.jeremyjordan.me/autoencoders/" ,
	year = {2018}
}

@book{Statistica,
    title={Methods of Statistical Data Analysis in High Energy Physics},
    author={T. Del-Prete},
    year={2010},
    location={Istituto Nazionale di Fisica Nucleare, Sezione di Pisa, Italia}
}

@article {Bosone_di_Higgs,
author = {ATLAS Collaboration},
title = {Observation of a new particle in the search for the Standard Model Higgs bosonwith the ATLAS detector at the LHC},
year = {2012},
journal = {Physics Letters B 716 (2012) 1–29}
}

@online{ProblemaGerarchia,
	author = "Emily Smith",
	title = "The Hierarchy Problem",
	location = "The University of Chicago",
	url = "http://theory.uchicago.edu/~sethi/Teaching/P445-S2019/		Emily_Smith_QFT_III_Final_Paper.pdf" ,
	year = {2019}
}

@article{susy_alberto,
	author        = "Cervelli, Alberto and others",
	title         = "Search for squarks, gluinos and electroweakinos in events with an isolated lepton, jets and missing transverse momentum at $\sqrt{s}~{=}$ 13 TeV with the ATLAS detector",
	howpublished  = "{ATL-COM-PHYS-2018-1638}",
	year          = "2018",
	url           = "https://cds.cern.ch/record/2648719"
}

@online{Codice,
	author = "Roberto Morelli, Filippo Schiazza",
	title = "Vae code git repository",
	url = "https://github.com/robomorelli/vae_bachelor_thesis_code" ,
	year = "2020"
}

@article{HiggsChalllenge,
	title="{The Higgs boson machine learning challenge}",
	journal={HEPML},
	author="Adam-Bourdarios, Claire  and others",
	year="2014"
}

@article{PG1,
	title="Naturalness in supersymmetric GUTS",
	journal="Zeitschrift für Physik C Particles and Fields",
	author="N. Sakai",
	year="1981",
	url="https://link.springer.com/article/10.1007%2FBF01573998"
}

@article{PG2,
	title="Supersymmetry and the scale of unification",
	journal="Physical Review D",
	author="S. Dimopoulos, S. Raby, F. Wilczek",
	year="1981",
	url="https://journals.aps.org/prd/abstract/10.1103/PhysRevD.24.1681"
}

@article{PG3,
	title="Low-energy predictions in supersymmetric grand unified theories",
	journal="Physics Letters B",
	author="L. Ibanez, G. Ross",
	year="1981",
	url="https://www.sciencedirect.com/science/article/abs/pii/0370269381912004?via%3Dihub"
}

@article{PG4,
	title="Softly broken supersymmetry and SU(5)",
	journal="Nuclear Physics B",
	author="S. Dimopoulos, H. Georgi",
	year="1981",
	url="https://www.sciencedirect.com/science/article/pii/0550321381905228?via%3Dihub"
}
