%
% Sample bibliography
% 
@PhdThesis{ProvaRef,
  author =       "Alan Mathison Turing",
  title =        "{Systems of Logic Based on Ordinals: a Dissertation}",
  type =         "{Ph.D.} dissertation",
  school =       "Cambridge University",
  address =      "Cambridge, UK",
 % year =         "1938"
}

@article 
{
metodi multivariati,
author = "Pushpa Bhat",
title = "{Multivariate Analysis Methods in Particle Physics}",
typre = "Article",
journaltitle = "Annual Review of Nuclear and Particle Science"
year = "2011"
}